%%% Months
@string{JAN = "January"}
@string{FEB = "February"}
@string{MAR = "March"}
@string{APR = "April"}
@string{MAY = "May"}
@string{JUN = "June"}
@string{JUL = "July"}
@string{AUG = "August"}
@string{SEP = "September"}
@string{OCT = "October"}
@string{NOV = "November"}
@string{DEC = "December"}

%%% Journals
@string{PIEEE = "Proceedings of the IEEE"}
@string{IEEEJSAC = "IEEE J. Selected Areas in Communications"}
@string{IEEETN = "IEEE/ACM Trans. Networking"}
@string{IEEETCOM = "IEEE Trans. Communications"}
@string{IEEETIT = "IEEE Trans. Information Theory"}
@string{INTERNETWORK = "Journal of Internetworking: Research and Experience"}
@string{IJDACS = "International Journal on Digital and Analog Communication Systems"}
@string{IJCS = "International Journal on Communication Systems"}
@string{ACMTCS = "ACM Trans. Computer Systems"}
@string{JACM = "J. of the ACM"}
@string{MTA = "Multimedia Tools and Applications"}
@string{CC = "Computer Communications"}
@string{IPJ = "Internet Protocol Journal"}
@string{MOBISYS = "MobiSys"}
@string{CONEXT = "CoNEXT"}

%%% Magazines
@string{CACM = "Communications of the ACM"}
@string{COMPUTER = "IEEE Computer Magazine"}
@string{IEEECOM = "IEEE Communication Magazine"}
@string{IEEENET = "IEEE Network Magazine"}
@string{CCR = "ACM Computer Communication Review"}

%%% Conferences
@string{INFOCOM = "Proc. IEEE INFOCOM"}
@string{GLOBECOM = "Proc. IEEE GLOBECOM"}
@string{GINET = "Proc. IEEE Global Internet Symposium"}
@string{INET = "Proc. INET"}
@string{SIGCOMM = "SIGCOMM"}
@string{SIGMETRICS = "SIGMETRICS"}
@string{HSNMC="Proc. High Speed Networking and Multimedia Computing Symp."}
@string{ICNP = "Proc. ICNP"}
@string{ICC = "Proc. International Conference on Communications"}
@string{FTCS = "Proc. International Symposium on Fault-Tolerant Computing"}
@string{ITCOM = "Proc. Workshop on Scalability and Traffic Control in IP Networks, SPIE ITCOM Conference"}
@string{IMW = "Proc. ACM SIGCOMM IMW"}
@string{IMC = "IMC"}
@string{HOTNETS = "Proc. Workshop on Hot Topics in Networks"}
@string{NSDI = "Proc. Symposium on Networked Systems Design and Implementation"}
@string{OSDI = "Proc. Operating Systems Design and Implementation"}
@string{MICNET = "Proc. ACM MICNET"}
@string{WWW = "World Wide Web"}
%%% Publishers
@string{AW="Addison-Wesley"}
@string{CP="Cisco Press"}
@string{PH="Prentice Hall"}


@inproceedings{ hengartner02detection,
	author = {U. Hengartner and S. Moon and R. Mortier and C. Diot},
	title = {{Detection and analysis of routing loops in packet traces}},
	booktitle =     IMW,
	year = "2002",}


	@inproceedings{ paxson96endtoend,
		author = {Vern Paxson},
		title = {{End-to-end routing behavior in the {Internet}}},
		booktitle = {Proc. the {ACM} {SIGCOMM} Conference on Applications, Technologies, Architectures, and Protocols for Computer Communications},
		series = {ACM SIGCOMM Computer Communication Review},
		volume = {26,4},
		publisher = {ACM Press},
		year = {1996},
	}

@inproceedings{Zhong05,
	author = {Zifei Zhong and Ram Keralapura and Srihari Nelakuditi and Yinzhe Yu and Junling Wang and Chen-Nee Chuah and Sanghwan Lee},
	title = {{Avoiding Transient Loops through Interface-Specific Forwarding}},
	booktitle =  {Proc. IFIP/IEEE IWQoS},
	month = {June},
	year = {2005},
}

@InProceedings{xia05,
	author = "Jianhong Xia and Lixin Gao and Teng Fei",
	title = {{Flooding Attacks by Exploiting Persistent Forwarding Loops}},
	booktitle = IMC,
	year = 2005,
}

@inproceedings{sridharan-correlation,
	author = {Ashwin Sridharan and Sue.B.Moon and Christophe. Diot},
	title = {{On the Correlation between Route Dynamics and Routing}},
	booktitle =    IMC,
	month = {October},
	year = {2003},
}

@inproceedings{kompella:nsdi05:iprisk,
	title =        {{IP fault localization via risk modeling}},
	year =         {2005},
	author =       {R. Kompella and J. Yates and A. Greenberg and A. C. Snoeren},
	booktitle = NSDI,
}

@inproceedings{Raghunath,
	author = {Satish Raghunath and K. K. Ramakrishnan and Shivkumar Kalyanaraman and Chris Chase},
	title = {{Measurement based characterization and provisioning of IP VPNs}},
	booktitle = IMC,
	year = {2004},
}

@inproceedings{Han00,
	author = {Jiawei Han and Jian Pei and Yiwen Yin},
	title = {Mining frequent patterns without candidate generation},
	booktitle = {Proceedings of the 2000 ACM SIGMOD international conference on Management of data},
	year = {2000}
}

@inproceedings{Ayan99,
	author = {Necip Fazil Ayan and Abdullah Uz Tansel and Erol Arkun},
	title = {An efficient algorithm to update large itemsets with early pruning},
	booktitle = {Proceedings of the fifth ACM SIGKDD international conference on Knowledge discovery and data mining},
	year = {1999}
}

@inproceedings{Cheung97,
	author = {David Wai-Lok Cheung and Sau Dan Lee and Ben Kao},
	title = {A General Incremental Technique for Maintaining Discovered Association Rules},
	booktitle = {Proceedings of the Fifth International Conference on Database Systems for Advanced Applications (DASFAA)},
	year = {1997}
}

@inproceedings{Agrawal94,
	author = {Rakesh Agrawal and Ramakrishnan Srikant},
	title = {Fast Algorithms for Mining Association Rules in Large Databases},
	booktitle = {VLDB '94: Proceedings of the 20th International Conference on Very Large Data Bases},
	year = {1994},
	isbn = {1-55860-153-8},
	pages = {487--499},
	publisher = {Morgan Kaufmann Publishers Inc.},
	address = {San Francisco, CA, USA},
}

@article{Burch05,
	author = {Hal Burch and Chris Chase},
	title = {Monitoring link delays with one measurement host},
	journal = {SIGMETRICS Perform. Eval. Rev.},
	volume = {33},
	number = {3},
	year = {2005},
	issn = {0163-5999},
	pages = {10--17},
	publisher = {ACM Press},
	address = {New York, NY, USA},
}


@article{Dainotti20082645,
	title = "Internet traffic modeling by means of Hidden Markov Models",
	journal = "Computer Networks",
	volume = "52",
	number = "14",
	pages = "2645 - 2662",
	year = "2008",
	note = "",
	issn = "1389-1286",
	author = "Alberto Dainotti and Antonio Pescape and Pierluigi Salvo Rossi and Francesco Palmieri and Giorgio Ventre"
}



@inproceedings{lixin06,
	title = {MIND: A Distributed Multidimensional Indexing for Network Diagnosis},
	author = {Xin Li and Fang Bian and Hui Zhang and Christophe Diot and Ramesh Govindan and Wei Hong and Gianluca Iannaccone},
	booktitle = {Proc. IEEE INFOCOM},
	year = {2006},
}

@inproceedings{wltan07,
	title = {An Empirical Study on 3G Network Capacity and Performance},
	author = {Wee Lum Tan and Fung Lam and Wing-Cheong Lau},
	booktitle = {Proc. IEEE INFOCOM},
	year = {2007},
}

@article{Marina,
	author  = "THOTTAN Marina and CHUANYI Ji",
	title   = "{Anomaly detection in IP networks}",
	journal = "IEEE Transactions on Signal Processing",
	volume  = 51,
	number  = 2191,
	year    = 2003
}

@article{shaikh:jsac02,
	author  = "Aman Shaikh and Mukul Goyal and Albert Greenberg and
		Raju Rajan and K.K. Ramakrishnan",
	title   = "An {OPSF} Topology Server: Design and Evaluation",
	journal = "IEEE Journal on Selected Areas in Communications",
	volume  = 20,
	number  = 4,
	month   = "May",
	year    = 2002
}

@BOOK{timeseries,
	AUTHOR =       "G. E. P. Box and G. M. Jenkins and G. C. Reinsel",
	TITLE =        "Time Series Analysis: Forcasting and Control",
	PUBLISHER =    "Prentice Hall",
	YEAR =         "1994",
	edition =      "3rd",
}

@inproceedings{peidan06,
	author = {Dan Pei and Jacobus {Van der Merwe}},
	title = {{BGP} Convergence in Virtual Private Networks},
	booktitle = IMC,
	year = {2006},
}

@inproceedings{alarm98,
	author = {P. Wu and R. Bhatnagar and L. Epshtein and M. Bhandaru and Z. Shi},
	title = {{Alarm correlation engine}},
	booktitle = {Proc. IEEE/IFIP Network Operations and Management Symposium},
	year = {1998},
}

@article{chao01,
	author = {C. S. Chao and D. L. Yang and A. C. Liu},
	title = {{An Automated Fault Diagnosis System Using Hierarchical Reasoning and Alarm Correlation}},
	journal = {J. Netw. Syst. Manage.},
	volume = {9},
	number = {2},
	year = {2001},
	issn = {1064-7570},
	pages = {183--202},
	publisher = {Plenum Press},
	address = {New York, NY, USA},
}

@inproceedings{liu-composite,
	author = {G. Liu and A. Mok and E. Yang},
	title = {{Composite events for network event correlation}},
	booktitle = {Proc. IFIP/IEEE International Symposium on Integrated Network Management},
	year = {1999},
}
@inproceedings{Nygate,
	author = {Y. A. Nygate},
	title = {Event correlation using rule and object based techniques},
	booktitle = {Proc. IFIP/IEEE International Symposium on Integrated Network Management},
	year = {1995},
}

@article{ deng93probabilistic,
	author = "Robert H. Deng and Aurel A. Lazar and Weiguo Wang",
	title = "A Probabilistic Approach to Fault Diagnosis in Linear Lightware Networks",
	journal = "IEEE Journal of Selected Areas in Communications",
	volume = "11",
	number = "9",
	pages = "1438-1448",
	year = "1993",
}

@inproceedings{data-diamond,
	author = {Graham Cormode and Flip Korn and S. Muthukrishnan and Divesh Srivastava},
	title = {Diamond in the Rough: Finding Hierarchical Heavy Hitters in Multi-Dimensional Data},
	booktitle = "Proc. ACM SIGMOD",
	year = {2004},
}
@inproceedings{Cormode03,
	author = {Graham Cormode and Flip Korn and S. Muthukrishnan and Divesh Srivastava},
	title = {{Finding hierarchical heavy hitters in data streams}},
	booktitle = "Proc. VLDB",
	year = {2003},
}
@inproceedings{Zhang04,
	author = {Yin Zhang and Sumeet Singh and Subhabrata Sen and Nick Duffield and Carsten Lund},
	title = {Online identification of hierarchical heavy hitters: algorithms, evaluation, and applications},
	booktitle = IMC,
	year = {2004},
}
@inproceedings{crick03,
	author = {C. Crick and A. Pfeffer},
	title = {Loopy belief propagation as a basis for communication in sensor networks},
	booktitle = {Proc. of the 19th Conference on Uncertainty in AI },
	year = {2003},
}
@inproceedings{Huang06,
	author = {Ling Huang and Minos Garofalakis and Joseph Hellerstein and Anthony Joseph and Nina Taft},
	title = {Toward sophisticated detection with distributed triggers},
	booktitle = {Proc. ACM SIGCOMM MineNet},
	year = {2006},
}
@inproceedings{kandula2005shrink,
	author =       "Srikanth Kandula and Dina Katabi and Jean-Philippe Vasseur",
	title =        "{Shrink: A Tool for Failure Diagnosis in IP Networks}",
	booktitle =    {ACM SIGCOMM Workshop MineNet-05},
	year =         {2005},
	address =      {Philadelphia, PA}
}
@inproceedings{bush03integrity,
	author = "R. Bush and T. Griffin",
	title = "Integrity for virtual private routed networks",
	booktitle =   INFOCOM,
	year =         {2003},

}

@inproceedings{Fabian:jmlr06:encrypted,
	author = { Charles Wright and Fabian Monrose and Gerald Masson},
	title = {On Inferring Application Protocol Behaviors in Encrypted Network Traffic},
	booktitle = { Journal of Machine Learning Research (JMLR): Special issue on Machine Learning for Computer Security},
	year = {2006},
}
@article{Moore:sigmetrics05:classification,
	author = {Andrew W. Moore and Denis Zuev},
	title = {Internet traffic classification using bayesian analysis techniques},
	journal = {SIGMETRICS Perform. Eval. Rev.},
	volume = {33},
	number = {1},
	year = {2005},
	issn = {0163-5999},
	pages = {50--60},
	publisher = {ACM},
	address = {New York, NY, USA},
}


@inproceedings{Ekaette,
	author = { Ekaette, E.U. and Far, B.H.},
	title = {A framework for distributed fault management using intelligent software agents},
	booktitle = {Proc. of the Electrical and Computer Engineering},
	year = {2003},
}
@misc{priorityqueue,
	author = "Cisco System Inc.",
	title = "{Configuring Priority Queueing}",
	howpublished = {\url{http://www.cisco.com/en/US/docs/ios/12_0/qos/configuration/guide/qcpq.html}},
}
@misc{cpi,
	author = "CPacket Networks",
	title = "{Complete Packet Inspection on a Chip}",
	howpublished = {\url{http://www.cpacket.com/}},
}
@misc{SMARTS,
	title = "{SMARTS}",
	howpublished = {\url{http://www.smarts.com}},
}
@misc{shazam,
	title = "{Shazam App}",
	howpublished = {\url{http://www.shazam.com/}},
}
@misc{netflix,
	title = "{Netflix App}",
	howpublished = {\url{http://www.netflix.com/}},
}
@misc{OpenView,
	author = "HP Technologies Inc.",
	title = "{Open View}",
	howpublished = {\url{http://www.openview.hp.com}},
}
@misc{micromuse,
	author = "Micromuse Inc.",
	title = "{Micromuse}",
	howpublished = {\url{http://www.micromuse.com}},
}
@article{Jakobson,
	author = "G. Jakobson and M. D. Weissman",
	title = "{Alarm correlation}",
	howpublished = {IEEE Network},
	volume = "7",
	number = "6",
	pages = "52-59",
	year = "1993",
}

@article{Steinder04,
	author = {Malgorzata Steinder Steinder and Adarshpal S. Sethi},
	title = {Probabilistic fault localization in communication systems using belief networks},
	journal = {IEEE/ACM  Transactions on Networking},
	volume = {12},
	number = {5},
	year = {2004},
	issn = {1063-6692},
	pages = {809--822},
}

@article{ramitry,
	author = {Dmitry Rusakov and Dan Geiger},
	title = {Asymptotic Model Selection for Naive Bayesian Networks},
	journal = {J. Mach. Learn. Res.},
	volume = {6},
	year = {2005},
	issn = {1533-7928},
	pages = {1--35},
	publisher = {MIT Press},
	address = {Cambridge, MA, USA},
}

@article{Steinder,
	author = "Malgorzata Steinder and Adarshpal S. Sethi",
	title = "{A Survey of Fault Localization Techniques in Computer Networks}",
	howpublished = {Science of Computer Programming},
	volume = "53",
	number = "2",
	pages = "165-194",
	year = "2004",
}

@misc{RFC2397,
	author = {{L. Masinter}},
	title = {{The ``data'' URL Scheme}},
	howpublished = {RFC 2397},
	year = 1998
}

@misc{RFC1323,
	author = {{V. Jacobson and R. Braden and D. Borman}},
	title = {{TCP Extensions for High Performance}},
	howpublished = {RFC 1323},
	year = 1992
}

@misc{RFC2018,
	author = {{M. Mathis and J. Mahdavi and S. Floyd and A. Romanow}},
	title = {{TCP Selective Acknowledgment Options}},
	howpublished = {RFC 2018},
	year = 1996
}

@misc{RFC1122,
	author = {{R. Braden}},
	title = {{Requirements for Internet Hosts -- Communication Layers}},
	howpublished = {RFC 1122},
	year = 1989
}

@misc{RFC1771,
	author = "Y. Rekhter and T. Li",
	title = "A Border Gateway Protocol",
	howpublished = "RFC 1771",
	year = 1995
}

@misc{RFC2283,
	author = "T. Bates and R. Chandra and D. Katz and Y. Rekhter",
	title = "Multiprotocol Extensions for BGP-4",
	howpublished = "RFC 2283",
	year = 1998
}

@misc{RFC5681,
	author = "M. Allman and V. Paxson and E. Blanton",
	title = "TCP Congestion Control",
	howpublished = "RFC 5681",
	year = 2009
}

@misc{RFC6298,
	author = "V. Paxson and M. Allman and J. Chu and M. Sargent",
	title = "Computing TCP's Retransmission Timer",
	howpublished = "RFC 6298",
	year = 2011
}

@misc{RFC2205,
	author = "R. Braden and L. Zhang and S. Berson and S. Herzog and S. Jamin",
	title = "Resource ReSerVation Protocol",
	howpublished = "RFC 2205",
	year = 1997
}

@misc{RFC3036,
	author = "Andersson, L. and Doolan, P. and Feldman, N. and Fredette, A. and B. Thomas",
	title = "Label Distribution Protocol",
	howpublished = "RFC 3036",
	year = 2001
}
@misc{RFC3031,
	author = "E. Rosen and A. Viswanathan and R. Callon",
	title = " Multiprotocol Label Switching Architecture",
	howpublished = "RFC 3031",
	year = 2001
}

@misc{RFC4110,
	author = "R. Callon and M. Suzuki",
	title = "A Framework for Layer 3 Provider-Provisioned Virtual Private Networks",
	howpublished = "RFC 4110",
	year = 2005
}

@misc{RFC2328,
	author = "J. Moy",
	title = "{ OSPF} Version 2",
	howpublished = "RFC 2328",
	month = APR,
	year = 1998

}
@BOOK{Trees,
	AUTHOR =       "Harry L. Van Trees",
	TITLE =        "Detection, Estimation, and Modulation Theory",
	PUBLISHER =    "New York: Wiley",
	YEAR =         "1971",
	volume =       "1",
}

@Misc{Netflow,
	title =        {{Netflow}},
	key   =        {Netflow},
	author = {{Cisco Systems}},
	howpublished = {\url{http://www.cisco.com/warp/public/732/Tech/nmp/netflow/index.shtml}},

}

@Misc{SNMPs,
	title =        {Simple Network Management Protocol},
	key   =        {SNMPs},
	author = {{Cisco Systems}},
	OPThowpublished = {\url{http://www.cisco.com/univercd/cc/td/doc/cisintwk/ito_doc/snmp.htm}},

}

@misc{ipqos,
	author = "Vikrant S. Kaulgud",
	title = {{IP Quality of Service: Theory and best practices}},
	howpublished = {\url{www.sanog.org/resources/sanog4-kaulgud-qos-tutorial.pdf}},
	year = 2004
}
@Misc{syslog,
	title =        {Resource Manager Essentials and Syslog Analysis},
	key   =        {syslog},
	author = {{Cisco Systems}},
	OPThowpublished = {\url{http://www.cisco.com/warp/public/477/RME/rme_syslog.html}},

}

@Misc{dpi:networkworld,
	title =        {Deep packet inspection},
	key   =        {DPI},
	howpublished = {\url{www.networkworld.com/details/6299.html}},

}

@misc{RFC4364,
	author = "E. Rosen and Y. Rekhter",
	title = "{BGP/MPLS IP Virtual Private Networks}",
	howpublished = "RFC 4363",
	month = FEB,
	year = 2006
}
@inproceedings{Lu:infocom07:popi,
	title =        {End-to-end Inference of Router Packet Forwarding Priority},
	year =         {2007},
	author =       {Guohan Lu and Yan Chen and Stefan Birrer and Fabian E. Bustamante and Chi Yin Cheung and Xing Li},
	booktitle = INFOCOM,
}


@inproceedings{Raghunath2005,
	title =        {Trade-offs in Resource Management for Virtual Private Networks},
	year =         {2005},
	author =       {Satish Raghunath and K. K. Ramakrishnan and Shivkumar Kalyanaraman},
	booktitle = INFOCOM,
}

@inproceedings{wu2005,
	title =        {{Finding a needle in a haystack: Pinpointing significant BGP routing changes in an IP network}},
	year =         {2005},
	author =       {Jian Wu and Zhuoqing Morley Mao and Jennifer Rexford and Jia Wang},
	booktitle = NSDI,
}

@inproceedings{kompella05ip,
	title =        {{IP fault localization via risk modeling}},
	year =         {2005},
	author =       {R. Kompella and J. Yates and A. Greenberg and A. C. Snoeren},
	booktitle = NSDI,
}

@inproceedings{porter-delta,
	title =        {Delta Routing: Improving the Price-Performance of Hybrid Private Networks},
	year =         {2004},
	author =       {George Porter and Minwen Ji},
	booktitle = {Proc. IEEE/IFIP Network Operations and Management Symposium},
}

@InProceedings{FeamsterNSDI05,
	author =   {N. Feamster and H. Balakrishnan},
	title =    {{Detecting BGP Configuration Faults with Static Analysis}},
	OPTcrossref =  {},
	OPTkey =   {},
	booktitle = NSDI,
	OPTpages =     {},
	year =     {2005},
	OPTeditor =    {},
	OPTvolume =    {},
	OPTnumber =    {},
	OPTseries =    {},
	OPTaddress =   {},
	month =    {May},
	OPTorganization = {},
	OPTpublisher = {},
	OPTnote =      {},
	OPTannote =    {}
}

@article{Chi06,
	author = {Yun Chi and Haixun Wang and Philip S. Yu and Richard R. Muntz},
	title = {Catch the moment: maintaining closed frequent itemsets over a data stream sliding window},
	journal = {Knowl. Inf. Syst.},
	volume = {10},
	number = {3},
	year = {2006},
	issn = {0219-1377},
	pages = {265--294},
	publisher = {Springer-Verlag New York, Inc.},
	address = {New York, NY, USA},
}
@inproceedings{Rexford02:popular,
	Author = {Jennifer Rexford and Jia Wang and Zhen Xiao and Yin Zhang},
	Booktitle = {Proc. ACM SIGCOMM IMW},
	Title = {{BGP} Routing Stability of Popular Destinations},
	Year = {2002},
}

@Article{Rekhter06:RFC4271,
	author = {Y. Rekhter and T. Li and S. Hares},
	title = "A {B}order {G}ateway {P}rotocol ({BGP-4})",
	journal = {RFC 4271},
	year = {2006},
	month = jan
}

@Article{Bates96:RFC1966,
	author = {T. Bates and R. Chandra},
	title = {{BGP Route Reflection  An alternative to full mesh IBGP}},
	journal = {RFC 1966},
	year = {1996}
}



@inproceedings{le06,
	author = {Franck Le and Sihyung Lee and Tina Wong and Hyong S. Kim and Darrell Newcomb},
	title = {{Minerals: using data mining to detect router misconfigurations}},
	booktitle = {Proceedings of the 2006 SIGCOMM workshop on Mining network data},
	year = {2006},
}

@inproceedings{pucha:sigmetrics07:routingDelay,
	author = {Himabindu Pucha and Ying Zhang and Z. Morley Mao and Y. Charlie Hu},
	title = {{Understanding network delay changes caused by routing events}},
	booktitle = SIGMETRICS,
	year = {2007},
}
@InProceedings{Wang06,
	author = "Feng Wang and Zhuoqing Morley Mao and Jia Wang and Lixin Gao and Randy Bush",
	title = {{A Measurement Study on the Impact of Routing Events on End-to-End Internet Path Performance}},
	booktitle = SIGCOMM,
	year = 2006,
}
@InProceedings{zhang:infocom2007:routingReach,
	author = "Ying Zhang and Zhuoqing Morley Mao and Jia Wang",
	title = {{A Framework for Measuring and Predicting the Impact of Routing Changes}},
	booktitle = INFOCOM,
	year = 2007,
}
@inproceedings{Planetlab,
	title     = {{A Blueprint for Introducing Disruptive Technology Into the Internet}},
	author    = {Larry Peterson and Tom Anderson and David Culler and Timothy Roscoe},
	booktitle = {Proc. of ACM HotNets},
	year      = 2002

}
@inproceedings{zhang:imc2007:routeMonitor,
	title =        {{On the Impact of Route Monitor Selection}},
	year =         {2007},
	author =       {Ying Zhang and Zheng Zhang and Z. Morley Mao and Y. Charlie Hu},
	booktitle = IMC,
}
@inproceedings{madhyastha:osdi2006:iplane,
	title =        {{iPlane: An Information Plane for Distributed Services}},
	year =         {2006},
	author =       {Harsha V. Madhyastha and Tomas Isdal and Michael Piatek and Colin Dixon and Thomas Anderson and Arvind Krishnamurthy and Arun Venkataramani},
	booktitle = OSDI,
}
@Misc{ORVdata,
	OPTkey =       {},
	OPTauthor =    {},
	title =        {{University of Oregon Route Views Archive Project}},
	howpublished = {\url{www.routeviews.org}},
	OPTmonth =     {},
	OPTyear =      {},
	OPTnote =      {},
	OPTannote =    {}
}


@Misc{alexa,
	OPTkey =       {},
	OPTauthor =    {},
	title =        {{Alexa Top 500 Global Sites}},
	howpublished = {\url{http://www.alexa.com/topsites}},
	OPTmonth =     {},
	OPTyear =      {},
	OPTnote =      {},
	OPTannote =    {}
}

@article{spring:ton2004:rocketfuel,
	author = {Neil Spring and Ratul Mahajan and David Wetherall and Thomas Anderson},
	title = {Measuring ISP topologies with rocketfuel},
	journal = {IEEE/ACM Trans. Netw.},
	volume = {12},
	number = {1},
	year = {2004},
	issn = {1063-6692},
	pages = {2--16},
}

@inproceedings{IDMaps-INFOCOM99,
	title     = {{An Architecture for a Global Internet Host Distance Estimation Service}},
	author    = {Paul Francis and Sugih Jamin and Vern Paxson and Lixia Zhang and Daniel Gryniewicz and Yixin Jin},
	booktitle = {Proceedings of IEEE INFOCOM},
	year      = 1999,
	month     = {March}
}

@inproceedings{GNP,
	title     = {{Predicting Internet Network Distance with Coordinates-Based Approaches}},
	author    = {T. S. Eugene Ng and Hui Zhang},
	booktitle = {Proceedings of IEEE INFOCOM},
	year      = 2002,
	month     = {June}
}
@inproceedings{Govindan00,
	author    = {Ramesh Govindan and Hongsuda Tangmunarunkit},
	title     = {{Heuristics for Internet Map Discovery}},
	booktitle = {Proc. of IEEE INFOCOM},
	pages     = {1371-1380},
	year      = 2000,
	address   = {Tel Aviv, Israel},
	month     = {March},
}
@inproceedings{Vivaldi,
	title     = {{Vivaldi: A Decentralized Network Coordinate System}},
	author    = {Frank Dabek and Russ Cox and Frans Kaashoek and Robert Morris},
	booktitle = {Proceedings of ACM SIGCOMM},
	month     = {August},
	year      = 2004
}

@inproceedings{PIC,
	title     = {{PIC: Practical Internet Coordinates for Distance Estimation}},
	author    = {Manuel Costa and Miguel Castro and Antony Rowstron and Peter Key},
	booktitle = {Proceedings of IEEE ICDCS},
	month     = {March},
	year      = 2004
}
@inproceedings{zhangosdi04,
	title =        {{PlanetSeer: Internet Path Failure Monitoring and Characterization in Wide-Area Services.}},
	year =         {2004},
	author =       {Ming Zhang and Chi Zhang and Vivek Pai and Larry Peterson and Randy Wang},
	booktitle = OSDI,
}

@InProceedings{feldmann04,
	author =       {Anja Feldmann and Olaf Maennel and Z. Morley Mao and Arthur Berger and Bruce Maggs},
	title =        {{Locating Internet Routing Instabilities}},
	OPTcrossref =  {},
	OPTkey =       {},
	booktitle = {Proceedings of ACM SIGCOMM},
	OPTpages =     {},
	year =         {2004},
	OPTeditor =    {},
	OPTvolume =    {},
	OPTnumber =    {},
	OPTseries =    {},
	OPTaddress =   {},
	OPTmonth =     {},
	OPTorganization = {},
	OPTpublisher = {},
	OPTnote =      {},
	OPTannote =    {}
}

@inproceedings{feamster2004borderguard,
	author =       "Nick Feamster and Zhuoqing Morley Mao and Jennifer Rexford",
	title =        "{BorderGuard: Detecting Cold Potatoes from Peers}",
	booktitle =    {Internet Measurement Conference},
	year =         {2004},
	month =        {October},
	address =      {Taormina, Italy}
}

@article{Teixeira:sigmetrics04:hotpotato,
	author = {Renata Teixeira and Aman Shaikh and Tim Griffin and Jennifer Rexford},
	title = {Dynamics of hot-potato routing in IP networks},
	journal = {SIGMETRICS Perform. Eval. Rev.},
	volume = {32},
	number = {1},
	year = {2004},
	issn = {0163-5999},
	pages = {307--319},
}



@inproceedings{teixeira:netT04:omni,
	author = {Renata Teixeira and Jennifer Rexford},
	title = {A measurement framework for pin-pointing routing changes},
	booktitle = {NetT '04: Proceedings of the ACM SIGCOMM workshop on Network troubleshooting},
	year = {2004},
	isbn = {1-58113-942-9},
	pages = {313--318},
	location = {Portland, Oregon, USA},
}
@Misc{NanogMail,
	OPTkey =       {},
	OPTauthor =    {},
	title =        {{NANOG Mailing List Information}},
	howpublished = {\url{http://www.nanog.org/mailinglist.html}},
	OPTmonth =     {},
	OPTyear =      {},
	OPTnote =      {},
	OPTannote =    {}
}
@InProceedings{ParisTR,
	author =       {Brice Augustin and Xavier Cuvellier and Benjamin Orgogozo
		and Fabien Viger and Timur Friedman and Matthieu Latapy and Clemence
			Magnien and Renata Teixeira},
	title =        {{Avoiding Traceroute Anomalies with Paris Traceroute}},
	booktitle = {Proc. of IMC},
	year =         {2006},
}

@TechReport{Avramopoulos:TR2007:counterDiscriminate,
	author = 	 {Ioannis Avramopoulos and Jennifer Rexford and Dimitris Syrivelis and Spyros Lalis},
	title = 	 {{Counteracting discrimination against network traffic}},
	institution =  {Princeton University Computer Science},
	year = 	 {2007},
	number = 	 {TR-794-07},
}

@InProceedings{Yang:HotNets2006:NetNeutrality,
	author = 	 {Xiaowei Yang and Gene Tsudik and Xin Liu},
	title = 	 {{A Technical Approach to Net Neutrality}},
	booktitle = {Proceedings of ACM HotNets-V, Irvine},
	year = 	 {2006},
}

@InProceedings{Mahajan:NSDI2008:NetDiff,
	author = 	 {Ratul Mahajan and Ming Zhang and Lindsey Poole and Vivek Pai},
	title = 	 {{Uncovering Performance Differences in Backbone ISPs with Netdiff}},
	booktitle = {Proceeding of NSDI},
	year = 	 {2008},
}

@InProceedings{Dischinger:IMC2007:BroadbandChar,
	author = 	 {Marcel Dischinger and Andreas Haeberlen and Krishna P. Gummadi and Stefan Saroiu},
	title = 	 {{Characterizing Residential Broadband Networks}},
	booktitle = IMC,
	year = 	 {2007},
}

@InProceedings{Beverly:PAM2007:PortBlock,
	author = 	 {Robert Beverly and Steven Bauer and Arthur Berger.},
	title = 	 {{The Internet's Not a Big Truck: Toward Quantifying Network Neutrality}},
	booktitle = {Proceedings of the 8th Passive and Active Measurement (PAM 2007) Conference},
	year = 	 {2007},
}

@InProceedings{Avramopoulos:Usenix2006:StealthProbing,
	author = 	 {Ioannis Avramopoulos and Jennifer Rexford},
	title = 	 {{Stealth probing: Efficient data-plane security for IP routing}},
	booktitle = {Proceedings of USENIX Annual Technical Conference},
	year = 	 {2006},
}

@InProceedings{Zhang:NSDI2008:RouteDiag,
	author = 	 {Ying Zhang and Z. Morley Mao and Ming Zhang},
	title = 	 {{Effective Diagnosis of Routing Disruptions from End Systems}},
	booktitle = {Proceedings of NSDI},
	year = 	 {2008},
}

@Article{Crowcroft:CCR2007:NetNeutrality,
	author = 	 {Jon Crowcroft},
	title = 	 {{Net neutrality: the technical side of the debate: a white paper}},
	journal = 	 CCR,
	year = 	 {2007},
}

@Misc{neutralitydefi,
	OPTkey =       {},
	OPTauthor =    {},
	title =        {Claims of data discrimination practices},
	howpublished = {\url{http://en.wikipedia.org/wiki/Network_neutrality}},
	OPTmonth =     {},
	OPTyear =      {},
	OPTnote =      {},
	OPTannote =    {}
}

@InProceedings{Spring:HotNets2002:reverseEngNet,
	author = 	 {Neil Spring and David Wetherall and Tom Anderson},
	title = 	 {{Reverse-Engineering the Internet}},
	booktitle = {Proc. First ACM SIGCOMM HotNets Workshop},
	year = 	 {2002},
}

@InProceedings{Mahajan:IMW2002:LinkWeightInfer,
	author = 	 {Ratul Mahajan and Neil Spring and David Wetherall and Tom Anderson},
	title = 	 {{Inferring Link Weights Using End-to-End Measurements}},
	booktitle = {Proc. ACM SIGCOMM IMW},
	year = 	 {2002},
}


@InProceedings{Sommers:IMC2007:ActiveMeasShareEnv,
	author = 	 {Joel Sommers and Paul Barford},
	title = 	 {{An Active Measurement System for Shared Environments}},
	booktitle = IMC,
	year = 	 {2007},
}

@Misc{keynote,
	author = 	 {Keynote},
	title = 	 {{Internet Health Report}},
	howpublished = {\url{http://internetpulse.keynote.com/}},
}
@Misc{Yang:wig:action,
	author = 	 {Xiaowei Yang},
	title = 	 {{Auction, but Don't Block}},
	howpublished = { Work in Progress},
}
@InProceedings{Augustin:IMC2007:loadbalancedPaths,
	author = 	 {Brice Augustin and Marie Curie and Timur Friedman and Renata Teixeira},
	title = 	 {{Measuring Load-balanced Paths in the Internet}},
	booktitle = IMC,
	year = 	 {2007},
}
@Article{covering,
	author = 	 {Stavros G. Kolliopoulos and Neal E. Young},
	title = 	 {Approximation algorithms for covering/packing integer programs},
	journal = 	 {Journal of Computer and System Sciences},
	year = 	 2005,
	volume = 	 71,
	number = 	 4,
}

@InProceedings{Mahajan:Sosp2003:Tulip,
	author = 	 {Ratul Mahajan and Neil Spring and David Wetherall and Thomas Anderson},
	title = 	 {{User-level Internet Path Diagnosis}},
	booktitle = {Proceedings of SOSP},
	year = 	 {2003},
}

@InProceedings{Roughan:ITC2003:backboneTrafficModel,
	author = 	 {Matthew Roughan and Albert Greenberg and Charles Kalmanek and Michael Rumsewicz and Jennifer Yates and Yin Zhang},
	title = 	 {{Experience in Measuring Internet Backbone Traffic Variability: Models, Metrics, Measurements and Meaning}},
	booktitle = {Proceedings of the 18th International Teletraffic Congress (ITC '2003)},
	year = 	 {2003},
}

@InProceedings{Afek:IMW2002:BGPAtom,
	author = 	 {Yehuda Afek and Omer Ben-Shalom and Anat Bremler-Barr},
	title = 	 {{On the structure and application of BGP policy Atoms}},
	booktitle = IMW,
	year = 	 {2002},
}


@inproceedings{Zhang:imw01:constancy,
	author = {Yin Zhang and Nick Duffield},
	title = {On the constancy of internet path properties},
	booktitle = {IMW '01: Proceedings of the 1st ACM SIGCOMM Workshop on Internet Measurement},
	year = {2001},
	isbn = {1-58113-435-5},
	pages = {197--211},
	location = {San Francisco, California, USA},
}

@article{baccelli:sigcomm06:pasta,
	author = {Franc\c{c}ois Baccelli and Sridhar Machiraju and Darryl Veitch and Jean Bolot},
	title = {The role of PASTA in network measurement},
	journal = {SIGCOMM Comput. Commun. Rev.},
	volume = {36},
	number = {4},
	year = {2006},
	issn = {0146-4833},
}
@article{Sommers:sigcomm2005:probe,
	author = {Joel Sommers and Paul Barford and Nick Duffield and Amos Ron},
	title = {Improving accuracy in end-to-end packet loss measurement},
	journal = {SIGCOMM Comput. Commun. Rev.},
	volume = {35},
	number = {4},
	year = {2005},
	issn = {0146-4833},
	pages = {157--168},
}

@inproceedings{Mukarram:imc2005:pastaIMC,
	author = {Muhammad Mukarram Bin Tariq and Amogh Dhamdhere and Constantinos Dovrolis and Mostafa Ammar},
	title = {Poisson versus periodic path probing (or, does PASTA matter?)},
	booktitle = {IMC'05: Proceedings of the Internet Measurement Conference 2005 on Internet Measurement Conference},
	year = {2005},
	pages = {10--10},
	location = {Berkeley, CA},
	publisher = {USENIX Association},
	address = {Berkeley, CA, USA},
}


@inproceedings{Baccelli:imc2007:optimalprobe,
	author = {Francois Baccelli and Sridhar Machiraju and Darryl Veitch and Jean Bolot},
	title = {On Optimal Probing for Delay and Loss Measurement},
	booktitle = IMC,
	year = {2007},
}


@InProceedings{Gao01,
	AUTHOR        = {Lixin Gao},
	TITLE         = {{On Inferring Autonomous System Relationships in the Internet}},
	YEAR          = {2000},
	BOOKTITLE     = GINET,
}

@BOOK{wilcoxontest,
	author = "Siegel, S.",
	title= "Non-parametric statistics for the behavioral sciences",
	publisher = "McGraw-Hill",
	year = 1956
}
@BOOK{jackknife,
	author = "J. Tukey",
	title= "Bias and confidence in not quite large samples",
	publisher = "Ann. Math. Statist",
	year = 1958
}

@BOOK{kstest,
	author = "Stuart, Alan and Keith Ord and Steven Arnold ",
	title= "Kendall's Advanced Theory of Statistics",
	publisher = "London: Arnold",
	year = 1999
}



@BOOK{randomizationtest,
	author = "E. S. Edgington",
	title= "Randomization tests",
	publisher = "Marcel-Dekker",
	year = 1995
}


@article{Sommers:sigcomm07:sla,
	author = {Nick G. Duffield},
	title = { Network Tomography of Binary Network Performance Characteristics},
	journal = {IEEE Transactions on Information Theory},
	volume = {52},
	year = {2006},
	pages = {5373-5388},
}

@Misc{attsla,
	OPTkey =       {},
	author =       {},
	title =        {{AT\&T Managed Internet Service (MIS)}},
	howpublished = {\url{http://new.serviceguide.att.com/mis.htm}},
	month =        {},
	year =         {},
	OPTnote =      {},
	OPTannote =    {}
}

@Misc{arbornetworks,
	OPTkey =       {},
	author =       {},
	title =        {{Arbor Ellacoya e100 }},
	howpublished = {\url{http://www.arbornetworks.com}},
	month =        {},
	year =         {},
	OPTnote =      {},
	OPTannote =    {}
}

@Misc{nttsla,
	OPTkey =       {},
	author =       {},
	title =        {{NTT Communications Global IP Network Service Level Agreements (SLA)}},
	howpublished = {\url{http://www.us.ntt.net/support/sla/network}},
	month =        {},
	year =         {},
	OPTnote =      {},
	OPTannote =    {}
}
@Misc{sprintSLA,
	OPTkey =       {},
	author =       {},
	title =        {{Sprint NEXTEL Service Level Agreements}},
	howpublished = {\url{http://www.sprint.com/business/support/serviceLevelAgreements.html}},
	month =        {},
	year =         {},
	OPTnote =      {},
	OPTannote =    {}
}
@Misc{sprintVPNSLA,
	OPTkey =       {},
	author =       {},
	title =        {{MPLS VPN Service Level Agreements}},
	howpublished = {\url{www.sprint.com/business/resources/mpls_vpn.pdf}},
	month =        {},
	year =         {},
	OPTnote =      {},
	OPTannote =    {}
}

@inproceedings{zseby:samplingSLA:pam01,
	author = {Tanja Zseby},
	title = {Deployment of Sampling Methods for SLA Validation with Non-Intrusive Measurements},
	booktitle = {Proc. of Passive and Active Measurement workshop},
	year = {2001},
}

@InProceedings{Zhang:NVlens:Hotnets08,
	author = 	 {Ying Zhang and Morley Mao and Ming Zhang},
	title = 	 {{Ascertaining the Reality of Network Neutrality Violation in Backbone ISPs}},
	booktitle = {Proceedings of ACM HotNets-V, Calgary, Alberta, Canada},
	year = 	 {2008},
}


@InProceedings{Tariq:NANO:Hotnets08,
	author = 	 {Mukarram Bin Tariq and Mutaraza Motiwala and Nick Feamster},
	title = 	 {{NANO: Network Access Neutrality Observatory }},
	booktitle = {Proceedings of ACM HotNets-V, Calgary, Alberta, Canada},
	year = 	 {2008},
}

@InProceedings{Dischinger:BTBlock:IMC08,
	author = 	 {Marcel Dischinger and Alan Mislove and Andreas
		Haeberlen and Krishna P. Gummadi},
	title = 	 {{Detecting BitTorrent Blocking}},
	booktitle = IMC,
	year = 	 {2008},
}

@InProceedings{Padhye:TCPModel:sigcomm1998,
	author = 	 {Jitendra Padhye and Victor Firoiu and Don Towsley and Jim
		Kurose},
	title = 	 {{Modeling TCP Throughput: A Simple
		Model and its Empirical Validation}},
	booktitle = SIGCOMM,
	year = 	 {1998},
}

@inproceedings{Dishinger:CRBN:IMC2007,
	author = {Marcel Dischinger and Andreas Haeberlen and Krishna
		P. Gummadi and Stefan Saroiu},
	title = {{C}haracterizing {R}esidential {B}roadband {N}etworks},
	booktitle = {IMC},
	year = {2007},
}



%%%%%%%%%%%%%%%%%%%   3G/data cellular studies %%%%%%%%%%%%%%%%%%%%%%%%%%%%%%%
@inproceedings{Liu:3GChannelAppl:Mobicom2008,
	author = {Xin Liu and Ashwin Sridharan and Sridhar Machiraju and Mukund Seshadri and Hui Zang},
	title	= {{Experiences in a 3G Network: Interplay between the
		Wireless Channel and Applications}},
	booktitle = {MOBICOM},
	month	 = {},
	year = {2008},
}

@Article{Chesterfield:3GMultimedia:Monet2004,
	author = {J. Chesterfield and R. Chakravorty and J. Crowcroft and P. Rodriguez and S. Banerjee},
	title = {{Experiences with Multimedia Streaming over 2.5G and 3G Networks}},
	journal = {Journal ACM/MONET},
	year = 	 {2004},
}

@InProceedings{Chakravorty:WWAN:Mobicom2004,
	author = 	 {R. Chakravorty and S. Banerjee and P. Rodriguez and J. Chesterfield and  I. Pratt},
	title = 	 {{Performance Optimizations for Wireless Wide-Area Networks: Comparative Study and Experimental Evaluation}},
	booktitle = {MOBICOM},
	year = 	 {2004},
}

@InProceedings{Rodrigues:Session:WWW2004,
	author = 	 {P. Rodriguez and S. Rangarajan and S. Mukherjee},
	title = 	 {{Session Level Techniques for Improving Web Browsing Performance over Wireless Links}},
	booktitle = {Proceedings of World Wide Web},
	year = 	 {2004},
}

@InProceedings{Chakravort:MultiLayer:PAM2004,
	author = 	 {Rajiv Chakravorty and Julian Chesterfield and P. Rodriguez and Suman Banerjee},
	title = 	 {{Measurement Approaches for Multi-layer Performance Optimizations over Wide-Area Wireless Networks}},
	booktitle = {Proceedings of PAM},
	year = 	 {2004},
}

@InProceedings{Ionut:Serendipity:IMC09,
	author = 	 {Ionut Trestian and Supranamaya Ranjan and Aleksander Kuzmanovic and Antonio Nucci},
	title = 	 {{Measuring Serendipity: Connecting People, Locations and Interests in a Mobile 3G Network}},
	booktitle = {Proceedings of IMC},
	year = 	 {2009},
}
@InProceedings{Mahesh:Ephemera:IMC09,
	author = 	 {Mahesh Balakrishnan and Iqbal Mohomed and   Venugopalan Ramasubramanian},
	title = 	 {{Where's That Phone?: Geolocating IP Addresses on 3G Networks}},
	booktitle = {Proceedings of IMC},
	year = 	 {2009},
}
@InProceedings{Zhuang:A3:Mobicom2006,
	author = 	 {Zhenyun Zhuang and Tae-Young Chang and Raghupathy Sivakumar and Aravind Velayutham},
	title = 	 {{A3: Application-Aware Acceleration for Wireless Data Networks}},
	booktitle = {MOBICOM},
	year = 	 {2006},
}


@InProceedings{Jang:3G:MICNET2009,
	author = 	 {Keon Jang and	Mongnam Han and	Soohyun Cho and	Hyung-Keun Ryu and Jaehwa Lee and Yeongseok Lee and Sue B.
		Moon},
	title = 	 {{3G and 3.5G Wireless Network Performance Measured from
		Moving Cars and High-speed Trains}},
	booktitle = {Proc. of ACM MICNET},
	year = 	 {2009},
}

@InProceedings{Dimitrios:On:MICNET2009,
	author = 	 {Dimitrios Koutsonikolas and  Ying Charlie Hu},
	title = 	 {{On the Feasibility of Bandwidth Estimation in 1x EVDO Networks}},
	booktitle = {Proc. of ACM MICNET},
	year = 	 {2009},
}

@InProceedings{Mun:TCP/IP:Mobicom2002,
	author = 	 {Mun Choon Chan and Ramachandran Ramjee},
	title = 	 {{TCP/IP Performance over 3G Wireless Links with Rate and Delay Variation}},
	booktitle = {MOBICOM},
	year = 	 {2002},
}

@Misc{minification,
	OPTkey = 	 {},
	OPTauthor = 	 {},
	title = 	 {{Best Practices for Speeding Up Your Web Site}},
	howpublished = {\url{http://developer.yahoo.com/performance/rules.html#minify}},
	month = 	 {},
	year = 	 {},
	OPTnote = 	 {},
	OPTannote = 	 {}
}

@Misc{smartphoneStat,
  OPTkey = 	 {},
  OPTauthor = 	 {},
  title = 	 {{Canalys Press Release: R2009112}},
  howpublished = {\url{http://www.canalys.com/pr/2009/r2009112.htm}},
  month = 	 {},
  year = 	 {},
  OPTnote = 	 {},
  OPTannote = 	 {}
}

@Misc{smartphoneStat2,
  OPTkey = 	 {},
  OPTauthor = 	 {},
  title = 	 {{Canalys Press Release: R2012111}},
  howpublished = {\url{http://www.canalys.com/newsroom/sony-and-htc-overtake-rim-and-nokia-smart-phones}},
  month = 	 {},
  year = 	 {},
  OPTnote = 	 {},
  OPTannote = 	 {}
}

@Misc{netalyzr,
	OPTkey = 	 {},
	OPTauthor = 	 {},
	title = 	 {{ICSI Netalyzr}},
	howpublished = {\url{http://netalyzr.icsi.berkeley.edu/}},
	OPTmonth = 	 {},
	OPTyear = 	 {},
	OPTnote = 	 {},
	OPTannote = 	 {}
}

@Misc{fccspeedtest,
	OPTkey = 	 {},
	OPTauthor = 	 {},
	title = 	 {{FCC Consumer Broadband Test}},
	howpublished = {\url{http://broadband.gov/qualitytest/}},
	OPTmonth = 	 {},
	OPTyear = 	 {},
	OPTnote = 	 {},
	OPTannote = 	 {}
}

@Misc{speedtestnet,
	OPTkey = 	 {},
	OPTauthor = 	 {},
	title = 	 {{Speedtest.net}},
	howpublished = {\url{http://www.speedtest.net/}},
	OPTmonth = 	 {},
	OPTyear = 	 {},
	OPTnote = 	 {},
	OPTannote = 	 {}
}

@Misc{3gtest,
	title = 	 {{Smartphone 3G Test (3GTest)}},
	howpublished = {\url{http://www.eecs.umich.edu/3gtest}},
}

@Misc{opencv,
	title = 	 {{OpenCV}},
	howpublished = {\url{http://opencv.org/}},
}

@Misc{iPhoneOverloadATT2009,
	OPTkey = 	 {},
	author = 	 {JENNA WORTHAM},
	title = 	 {{Customers Angered as iPhones Overload AT\&T}},
	howpublished = {\url{http://www.nytimes.com/2009/09/03/technology/companies/03att.html}},
	month = 	 {September},
	year = 	 {2009},
	OPTnote = 	 {},
	OPTannote = 	 {}
}

@Misc{GoogleMapsAPI,
	OPTkey = 	 {},
	OPTauthor = 	 {},
	title = 	 {{Google Maps API}},
	howpublished = {\url{http://code.google.com/apis/maps/}},
	OPTmonth = 	 {},
	OPTyear = 	 {},
	OPTnote = 	 {},
	OPTannote = 	 {}
}

@Misc{sunspider,
	OPTkey = 	 {},
	OPTauthor = 	 {},
	title = 	 {{SunSpider JavaScript Benchmark 0.9}},
	howpublished = {\url{http://www.webkit.org/perf/sunspider/sunspider.html}},
	OPTmonth = 	 {},
	OPTyear = 	 {},
	OPTnote = 	 {},
	OPTannote = 	 {}
}

@Misc{4gtest,
	title = 	 {{4GTest}},
	howpublished = {\url{https://play.google.com/store/apps/details?id=com.mobiperf.lte}},
}

@Misc{gps,
	title = 	 {{BU-353 USB GPS Receiver}},
	howpublished = {\url{http://www.usglobalsat.com/p-62-bu-353-w.aspx}},
}

@Misc{nmea,
	title = 	 {{NMEA 0183}},
	howpublished = {\url{http://www.nmea.org/}},
}

@Misc{maxmind,
	title = 	 {{MaxMind}},
	howpublished = {\url{http://www.maxmind.com}},
}

@Misc{mobiperf,
	title = 	 {{MobiPerf (3GTest)}},
	howpublished = {\url{http://mobiperf.com}},
}

@Misc{mobiperf.repo,
	title = 	 {{MobiPerf Source Repository}},
	howpublished = {\url{https://github.com/Mobiperf/MobiPerf}},
}

@Misc{mlab,
	OPTkey = 	 {},
	OPTauthor = 	 {},
	title = 	 {{Measurement Lab}},
	howpublished = {\url{http://www.measurementlab.net/}},
	OPTmonth = 	 {},
	OPTyear = 	 {},
	OPTnote = 	 {},
	OPTannote = 	 {}
}




@Misc{googlespeed,
	OPTkey = 	 {},
	OPTauthor = 	 {},
	title = 	 {{Let's make the web faster}},
	howpublished = {\url{http://code.google.com/speed}},
	OPTmonth = 	 {},
	OPTyear = 	 {},
	OPTnote = 	 {},
	OPTannote = 	 {}
}

@Misc{speedTest,
	OPTkey = 	 {},
	OPTauthor = 	 {},
	title = 	 {{Broadband DSLReports.com}},
	howpublished = {\url{http://www.dslreports.com/archive}},
	OPTmonth = 	 {},
	OPTyear = 	 {},
	OPTnote = 	 {},
	OPTannote = 	 {}
}

%require data from cellular network operator
@inproceedings{Willkomm:PrimUser:Dyspan2008,
	author	= {Daniel Willkomm and Sridhar Machiraju and Jean
		Bolot and Adam Wolisz},
	title	    = {{Primary Users in Cellular Networks: A Large-scale
		Measurement Study}},
	booktitle   = {DySpAN},
	year		  = {2008},
}

@inproceedings{Ghaderi:TCPCDMA:IFIP2007,
	author	= {Majid Ghaderi and Ashwin Sridharan and Hui Zang and  Don Towsley and Rene Cruz},
	title	    = {{Modeling TCP in a Multi-Rate Multi-User CDMA System}},
	booktitle	= {IFIP-Networking 2007},
	journal	= {IFIP-Networking 2007},
	pdf		  = {uploads/1569018175.pdf},
	year		      = {2007},
}

@inproceedings{Mattar:TCPCDMA:PAM2007,
	author	= {Karim Mattar and Ashwin Sridharan and Hui Zang and
		Ibrahim Matta and Azer Bestavros},
	title	  	= {{TCP Over CDMA2000 Networks : A Cross-Layer
		Measurement Study}},
	booktitle   = {PAM},
	journal    = {Passive and Active Measurements (PAM)},
	pdf	       = {uploads/1xRTT_active.pdf},
	year		   = {2007},
}

@inproceedings{Ghaderi:TCPCDMA:Mobicom2006,
	author	= {Majid Ghaderi and Ashwin Sridharan and Hui Zang and
		Don Towsley and Rene Cruz},
	title	      	  = {TCP-Aware Resource Allocation in CDMA Networks},
	booktitle	  = {Proceedings of ACM MOBICOM},
	journal	  = {Mobicom},
	address	  = {Los Angeles, CA, USA},
	pdf		    = {uploads/1568986818-ghaderi.pdf},
	month		      = {September},
	year		      	= {2006},
}

@inproceedings{Wei:SplitTCP:PAM2006,
	author	= {Wei Wei and Chun Zhang and Hui Zang and Jim Kurose
		and Don Towsley},
	title		= {{Inference and Evaluation of Split-Connection
		Approaches in Cellular Data Networks}},
	booktitle  = {PAM},
	pdf	       = {uploads/pam2006-split.pdf},
	year		   = {2006},
}

%security:
@InProceedings{Traynor::UsenixSec2007,
	author = 	 {P. Traynor and P. McDaniel and T. La Porta},
	title = 	 {{On Attack Causality in Internet-Connected Cellular Networks}},
	booktitle = {Proc. of USENIX Security Symposium},
	year = 	 {2007},
}

@inproceedings{Bali:Scheduler3GAttack:Pam2007,
	author	= {Soshant Bali and Sridhar Machiraju and Hui Zang and
		Victor Frost},
	title		= {A Measurement Study of Scheduler-based Attacks in
		3G Wireless Networks},
	booktitle   = {Passive and Active Measurement (PAM) Conference},
	address     = {Louvain-la-neuve, Belgium},
	pdf	      	= {uploads/pam2007.pdf},
	month		  = {April},
	year		    = {2007},
}

@inproceedings{Bali:Scheduler:IFIP2007,
	author	= {Soshant Bali and Sridhar Machiraju and Hui Zang},
	title		  = {Beyond Proportional Fair: Designing Robust
		Wireless Schedulers},
	journal  = {IFIP Networking},
	pdf	     = {uploads/bali07beyond.pdf},
	month	       = {May},
	year	       	 = {2007},
}

@inproceedings{Bali:PAQ:ICC2008,
	author	= {Soshant Bali and Sridhar Machiraju and Hui Zang},
	title		  = {PAQ: A starvation-resistant alternative to
		Proportional Fair},
	booktitle    = {Proceedings of IEEE ICC 2008},
	address      = {Beijing, China},
	pdf	       	 = {uploads/bali08paq.pdf},
	month		   = {May},
	year		     = {2008},
}

@InProceedings{Racic:Scheduler:NDSS2008,
	author = 	 {Radmilo Racic and Denys Ma and Hao Chen and Xin Liu },
	title = 	 {{Exploiting Opportunistic Scheduling in Cellular Data Networks}},
	booktitle = {Proceedings of the 15th Annual Network and Distributed System Security Symposium (NDSS 2008)},
	year = 	 {2008},
}

@inproceedings{Arlos:OneWay:PAM2010,
	author = {Patrik Arlos and Markus Fiedler},
	title	= {{Influence of the Packet Size on the One-Way Delay in 3G Networks}},
	booktitle = {Proceedings of PAM},
	month	 = {},
	year = {2010},
}

@inproceedings{Gass:3GWiFi:PAM2010,
	author = {Richard Gass and Christophe Diot},
	title	= {{An Experimental Performance Comparison of 3G and WiFi}},
	booktitle = {Proceedings of PAM},
	month	 = {},
	year = {2010},
}


@inproceedings{maier10,
	author = {Gregor Maier and Fabian Schneider and Anja Feldmann},
	title	= {{A First Look at Mobile Hand-held Device Traffic}},
	booktitle = {PAM},
	month	 = {},
	year = {2010},
}

@InProceedings{mobisys.3gtest,
	author =       {Junxian Huang and Qiang Xu and Birjodh Tiwana and Z. Morley
			Mao and Ming Zhang and Paramvir Bahl},
	title =        {{Anatomizing Application Performance Differences on
		Smartphones}},
	booktitle = {MobiSys},
	year =         {2010},
}

@Misc{3gtest.tr,
	title = {{CSE-TR-578-13: Uncovering Cellular Network Characteristics: Performance, Infrastructure, and Policies}},
	booktitle = {University of Michigan Technical Reports},
	year = {2013},
}

@InProceedings{vtc.drx,
	author =       {Lei Zhou and Haibo Xu and Hui Tian and Youjun Gao and Lei Du and Lan Chen},
	title =        {{Performance Analysis of Power Saving Mechanism
		with Adjustable DRX Cycles in 3GPP LTE}},
	booktitle = {Vehicular Technology Conference},
	year =      {2008},
}

@InProceedings{iswcs.lte,
	author =       {Troels Kolding and  Jeroen Wigard and Lars Dalsgaard},
	title =        {{Balancing Power Saving and Single User Experience with Discontinuous Reception in LTE}},
	booktitle = {ISWCS},
	year =         {2008},
}

@InProceedings{ieee.mimo,
	author =       {Shuguang Cui and Andrea J. Goldsmith and Ahmad Bahai},
	title =        {{Energy-Efﬁciency of MIMO and Cooperative MIMO Techniques in Sensor Networks}},
	booktitle = {IEEE J. Sel. Areas Commun., vol. 22, no. 6, pp. 1089–1098},
	year =         {2004},
}

@InProceedings{ieee.drx,
	author =       {Chandra S. Bontu and Ed Illidge},
	title =        {{DRX Mechanism for Power Saving in LTE}},
	booktitle = {IEEE Communications Magazine},
	year =         {2009},
}

@InProceedings{icc.drx,
	author =       {Jeroen Wigard and Troels Kolding and Lars Dalsgaard and Claudio Coletti},
	title =        {{On the User Performance of LTE UE Power Savings Schemes with Discontinuous Reception in LTE}},
	booktitle = {ICC Workshops},
	year =         {2009},
}

@InProceedings{imc.tailender,
	author =       {Niranjan Balasubramanian and Aruna Balasubramanian and Arun Venkataramani},
	title =        {{Energy Consumption in Mobile Phones: A Measurement Study and Implications for Network Applications}},
	booktitle = {IMC},
	year =         {2009},
}

@InProceedings{vtc.survey,
	author =       {G.P. Perrucci and F.H.P Fitzek and J. Widmer},
	title =        {{Survey on Energy Consumption Entities on Smartphone Platform}},
	booktitle = {Vehicular Technology Conference},
	year =         {2009},
}

@InProceedings{mobisys.aro,
	author =       {Feng Qian and Zhaoguang Wang and Alexandre Gerber and Z. Morley Mao and Subhabrata Sen and Oliver Spatscheck},
	title =        {{Profiling Resource Usage for Mobile Applications: a Cross-layer Approach}},
	booktitle = {MobiSys},
	year =         {2011},
}

@InProceedings{hotmobile.web,
	author =       {Zhen Wang and Felix Xiaozhu Lin and Lin Zhong and Mansoor Chishti},
	title =        {{Why are Web Browsers Slow on Smartphones?}},
	booktitle = {HotMobile},
	year =         {2011},
}

@InProceedings{mobicom.bartendr,
	author =       {Aaron Schulman and Vishnu Navda and Ramachandran Ramjee and Neil Spring and Pralhad Deshpande and Calvin Grunewald and Kamal Jain and Venkata N. Padmanabhan},
	title =        {{Bartendr: A Practical Approach to Energy-aware
		Cellular Data Scheduling}},
	booktitle = {MobiCom},
	year =         {2010},
}

@InProceedings{sigcomm.broadband,
	author =       {Srikanth Sundaresan and Walter de Donato and Renata Teixeira and Sam Crawford and Antonio Pescapè},
	title =        {{Broadband Internet Performance: A View From the Gateway}},
	booktitle = {SIGCOMM},
	year =         {2011},
}

@InProceedings{imc.3g,
	author =       {Feng Qian and Zhaoguang Wang and Alexandre Gerber and Z. Morley Mao and Subhabrata Sen and Oliver Spatscheck},
	title =        {{Characterizing Radio Resource Allocation for 3G Networks}},
	booktitle = {IMC},
	year =         {2010},
}

@InProceedings{pam,
	author =       {Markus Laner and Philipp Svoboda and Eduard Hasenleithner and Markus Rupp},
	title =        {{Dissecting 3G Uplink Delay by Measuring in an Operational HSPA Network}},
	booktitle = {PAM},
	year =         {2011},
}

@InProceedings{sigmetrics.cluster,
	author =       {Qiang Xu and Junxian Huang and Zhaoguang Wang and Feng Qian and Alexandre Gerber and Z. Morley Mao},
	title =        {{Cellular Data Network Infrastructure Characterization and Implication on Mobile Content Placement}},
	booktitle = {SIGMETRICS},
	year =         {2011},
}

@InProceedings{imc.netpolice,
	author =       {Ying Zhang and Z. Morley Mao and Ming Zhang},
	title =        {{Detecting Trafﬁc Differentiation in Backbone ISPs with NetPolice}},
	booktitle = {IMC},
	year =         {2009},
}

@InProceedings{codes.powertutor,
	author =       {Lide Zhang and Birjodh Tiwana and Zhiyun Qian and Zhaoguang Wang and Robert P. Dick and Z. Morley Mao and Lei Yang},
	title =        {{Accurate Online Power Estimation and Automatic Battery Behavior Based Power Model Generation for Smartphones}},
	booktitle = {CODES+ISSS},
	year =         {2010},
}

@InProceedings{nsdi.glasnost,
	author =       {Marcel Dischinger and Massimiliano Marcon and Saikat Guha and Krishna P. Gummadi and Ratul Mahajan and Stefan Saroiu},
	title =        {{Glasnost: Enabling End Users to Detect Trafﬁc Differentiation}},
	booktitle = {NSDI},
	year =         {2010},
}

@InProceedings{sigcomm.nat,
	author =       {Zhaoguang Wang and Zhiyun Qian and Qiang Xu and Z. Morley Mao and Ming Zhang},
	title =        {{An Untold Story of Middleboxes in Cellular Networks}},
	booktitle = {SIGCOMM},
	year =         {2011},
}


@misc{att.overload,
	title = "{AT\&T Admits To Network Overload}",
	howpublished = {\url{http://thedroidguy.com/2011/04/att-admits-to-network-overload/}},
}


@Misc{NexusOneTMobileProblem,
	OPTkey = 	 {},
	OPTauthor = 	 {},
	title = 	 {{Nexus One Owners Report Spotty 3G Signals On T-Mobile}},
	howpublished = {\url{http://mobile.slashdot.org/story/10/01/13/1915242/Nexus-One-Owners-Report-Spotty-3G-Signals-On-T-Mobile}},
	month = 	 {January},
	year = 	 {2010},
	OPTnote = 	 {},
	OPTannote = 	 {}
}

@Misc{windrider,
	OPTkey = 	 {},
	OPTauthor = 	 {},
	title = 	 {{WindRider: A Mobile Network Neutrality Monitoring System}},
	howpublished = {\url{http://www.cs.northwestern.edu/~ict992/mobile.htm}},
	OPTnote = 	 {},
	OPTannote = 	 {}
}

@Misc{4gbook,
	author = {Stefania Sesia and Issam Toufik and Matthew Baker},
	title = {{LTE: The UMTS Long Term Evolution From Theory to Practice}},
	howpublished = {John Wiley and Sons, Inc.},
	year = {2009},
}

@Misc{tr25.913,
	title = {{3GPP TR 25.913: Requirements for Evolved UTRA and Evolved UTRAN (V9.0.0)}},
	year = {2009},
}

@Misc{tr25.892,
	title = {{3GPP TR 25.892: Feasibility Study for Orthogonal Frequency Division Multiplexing (OFDM) for UTRAN enhancement (V6.0.0)}},
	year = {2004},
}

@Misc{ts25.304,
	title = {{3GPP TS 25.304: User Equipment (UE) procedures in idle mode and procedures for cell reselection in connected mode (V10.2.0)}},
	year = {2011},
}

@Misc{ts36.211,
	title = {{3GPP TS 36.211: Physical Channels and Modulation (V10.3.0)}},
	year = {2011},
}

@Misc{ts36.321,
	title = {{3GPP TS 36.321: Medium Access Control (MAC) protocol specification (V10.3.0)}},
	year = {2011},
}

@Misc{ts36.331,
	title = {{3GPP TS 36.331: Radio Resource Control (RRC) (V10.3.0)}},
	year = {2011},
}

@Misc{tr25.813,
	title = {{3GPP TR 25.813: Radio interface protocol aspects (V7.1.0)}},
	year = {2006},
}

@Misc{fast.dormancy.1,
	title = {{UE "Fast Dormancy" behavior. 3GPP discussion and decision notes R2-075251}},
	year = {2007},
}

@Misc{fast.dormancy.2,
	title = {{Configuration of fast dormancy in release 8. 3GPP discussion and decision notes RP-090960}},
	year = {2009},
}

@Misc{monsoon,
	title = 	 {{Monsoon power monitor}},
	howpublished = {\url{http://www.msoon.com/LabEquipment/PowerMonitor}},
}

@Misc{thunderbolt,
	title =	{{HTC Thunderbolt Review: The First Verizon 4G LTE Smartphone}},
	howpublished ={\texttt{http://www.anandtech.com/show/4240/\newline htc-thunderbolt-review-first-verizon\newline -4g-lte-smartphone}}
}

@Misc{3gpp.lte,
	title =	{{3GPP LTE}},
	howpublished ={\url{http://www.3gpp.org/LTE}},
}

@Misc{tcpdump,
	title =	{{TCPDUMP and LIBPCAP}},
	howpublished ={\url{http://www.tcpdump.org/}}
}

@InProceedings{falaki10_imc,
	author = 	 {Hossein Falaki and Dimitrios Lymberopoulos and Ratul Mahajan and Srikanth Kandula and Deborah Estrin},
	title = 	 {{A First Look at Traffic on Smartphones}},
	booktitle = IMC,
	year = 	 {2010},
}

@InProceedings{falaki10_mobisys,
	author = 	 {Hossein Falaki and Ratul Mahajan and Srikanth Kandula and Dimitrios Lymberopoulos and Ramesh Govindan Deborah Estrin},
	title = 	 {{Diversity in Smartphone Usage}},
	booktitle = MOBISYS,
	year = 	 {2010},
}

@InProceedings{huang_mobisys12,
	author = 	 {Junxian Huang and Feng Qian and Alexandre Gerber and Z. Morley Mao and Subhabrata Sen and Oliver Spatscheck},
	title = 	 {{A Close Examination of Performance and Power Characteristics of 4G LTE Networks}},
	booktitle = MOBISYS,
	year = 	 {2012},
}

@InProceedings{shepard10,
	author = 	 {Clayton Shepard and Ahmad Rahmati and Chad Tossell and Lin Zhong and Phillip Kortum},
	title = 	 {{LiveLab: Measuring Wireless Networks and Smartphone Users in the Field}},
	booktitle = {HotMetrics},
	year = 	 {2010},
}

@InProceedings{CloneCloud:Eurosys:2011,
	author =       {Byung-Gon Chun and Sunghwan Ihm and Petros Maniatis
		and Mayur Naik and Ashwin Patt},
	title =        {{CloneCloud : Elastic Execution between Mobile
		Device and Cloud}},
	booktitle = {Proceedings of 6th European Conference on Computer
		Systems (EuroSys 2011) },
	year =         {2011},
}

@InProceedings{ChatterjeeD02,
	author    = {Mainak Chatterjee and Sajal K. Das},
	title     = {{Optimal MAC State Switching for CDMA2000 Networks}},
	booktitle = {INFOCOM},
	year      = {2002},
}

@Misc{3gpp:090941,
	title = {{System Impact of Poor Proprietary Fast Dormancy}},
	howpublished = {3GPP discussion and decision notes RP-090941},
	year = {2009}
}

@InProceedings{qian10_icnp,
	author = 	 {Feng Qian and Zhaoguang Wang and Alexandre Gerber and Z. Morley Mao and Subhabrata Sen and Oliver Spatscheck},
	title = 	 {{TOP: Tail Optimization Protocol for Cellular Radio Resource Allocation}},
	booktitle = ICNP,
	year = 	 {2010},
}

@InProceedings{qian12_www,
	author = 	 {Feng Qian and Zhaoguang Wang and Yudong Gao and Junxian Huang and Alexandre Gerber and Z. Morley Mao and Subhabrata Sen and Oliver Spatscheck},
	title = 	 {{Periodic Transfers in Mobile Applications: Network-wide Origin, Impact, and Optimization}},
	booktitle = WWW,
	year = 	 {2012},
}


@InProceedings{Chuah:Impacts:WCNC2002,
	author = 	 {M. Chuah and Wei Luo and X. Zhang},
	title = 	 {{Impacts of Inactivity Timer Values on UMTS System Capacity}},
	booktitle = {Wireless Communications and Networking Conference},
	year = 	 2002,
}

@InProceedings{Lee:Impact:WTS2004,
	author = 	 {Chi-Chen Lee and Jui-Hung Yeh and Jyh-Cheng Chen},
	title = 	 {{Impact of inactivity timer on energy consumption in WCDMA and cdma2000}},
	booktitle = {Wireless Telecommunications Symposium},
	year = 	 2004,
}

@article{Yeh:Energy:ITVT2009,
	author = {Jui-Hung Yeh and Jyh-Cheng Chen and Chi-Chen Lee},
	title = {{Comparative Analysis of Energy-Saving Techniques in 3GPP and 3GPP2 Systems}},
	journal = {IEEE transactions on vehicular technology},
	volume = {58},
	number = {1},
	year = {2009},
}

@InProceedings{Liers:DynamicTimeout:PIMRC2005,
	author = 	 {Florian Liers and Andreas Mitschele-Thiel},
	title = 	 {{UMTS data capacity improvements employing dynamic RRC timeouts}},
	booktitle = {PIMRC},
	year = 	 2005,
}

@InProceedings{higgins10,
	author = 	 {Brett Higgins and Azarias Reda and Timur Alperovich and Jason Flinn and T.J. Giuli and Brian Noble and David Watson },
	title = 	 {{Intentional Networking: Opportunistic Exploitation of Mobile Network Diversity}},
	booktitle = MOBICOM,
	year = 	 2010,
}


@article{jin11,
	author  = {Yu Jin and Nick Duffield and Patrick Haffner and Subhabrata Sen and Zhi-Li Zhang},
	title   = {{A Modular Machine Learning System for Flow-Level Traffic Classification in Large Networks}},
	journal = {Transactions on Knowledge Discovery from Data},
	year    = 2011
}

@InProceedings{jin10,
	author = 	 {Yu Jin and Nick Duffield and Alexandre Gerber and Patrick Haffner and Subhabrata Sen and Zhi-Li Zhang},
	title = 	 {{NEVERMIND, the Problem Is Already Fixed: Proactively Detecting and Troubleshooting Customer DSL Problems}},
	booktitle = CONEXT,
	year = 	 2010,
}

@article{ensemble_bagging,
	author = 	 {Leo Breiman},
	title = 	 {{Bagging Predictor}},
	journal =  {Machine Learning},
	volume = {24},
	number = {2},
	year = {1996},
}

@InProceedings{wcnc04,
	author = 	 {Yong Wei and Surendar Chandra and Suchendra Bhandarkar},
	title = 	 {{A Statistical Prediction-based Scheme for Energy-aware Multimedia Data Streaming}},
	booktitle = WCNC,
	year = 	 2004,
}

@inproceedings{radiojockey,
	author    = "Pavan Athivarapu and Ranjita Bhagwan and Saikat Guha and Vishnu Navda and Ramachandran Ramjee and Dushyant Arora and Venkata Padmanabhan and George Varghese",
	title     = "{RadioJockey: Mining Program Execution to Optimize Cellular Radio Usage}",
	booktitle = "{MobiCom}",
	year      = "2012",
}

@InProceedings{imc.screen,
	author = {Junxian Huang and Feng Qian and Z. Morley Mao and Subhabrata Sen and Oliver Spatscheck},
	title = {{Screen-Off Traffic Characterization and Optimization in 3G/4G Networks}},
	booktitle = IMC,
	year = 2012,
}

@InProceedings{imc.ttfb,
	author = {Emir Halepovic and Jeffrey Pang and Oliver Spatscheck},
	title = {{Can you GET Me Now? Estimating the Time-to-First-Byte of HTTP Transactions with Passive Measurements}},
	booktitle = IMC,
	year = 2012,
}

@InProceedings{makeidle,
	author = {Shuo Deng},
	title = {{Reducing 3G Energy Consumption on Mobile Devices (Master Thesis of MIT)}},
	year = 2012,
}

@InProceedings{qian09,
	author = {Feng Qian and Alexandre Gerber and Z. Morley Mao and Subhabrata Sen and Oliver Spatscheck and Walter Willinger},
	title = {{TCP Revisited: A Fresh Look at TCP in the Wild}},
	year = {2009},
	booktitle = IMC
}

@InProceedings{chen12,
	author = {Xian Chen and Ruofan Jin and Kyoungwon Suh and Bing Wang and Wei Wei},
	title = {{Network Performance of Smart Mobile Handhelds in a University Campus WiFi Network}},
	year = {2012},
	booktitle = IMC
}

@InProceedings{trat,
	author = {Yin Zhang and Lee Breslau and Vern Paxson and Scott Shenker},
	title =    {{On the Characteristics and Origins of Internet Flow Rates}},
	year =     {2002},
	booktitle = SIGCOMM
}

@InProceedings{gember12,
	author = {Aaron Gember and Aditya Akella and Jeffrey Pang and Alexander Varshavsky and Ramon Caceres},
	title = {{Obtaining In-Context Measurements of Cellular Network Performance}},
	year = {2012},
	booktitle = IMC
}

@InProceedings{jiang12,
	author = {Haiqing Jiang and Yaogong Wang and Kyunghan Lee and Injong Rhee},
	title = {{Tackling Bufferbloat in 3G/4G Networks}},
	year = {2012},
	booktitle = IMC
}

@InProceedings{linuxrto,
	author = {Pasi Sarolahti and Alexey Kuznetsov},
	title = {{Congestion Control in Linux TCP}},
	year = {2002},
	booktitle = {USENIX Annual Technical Conference}
}

@ARTICLE{tcp.vegas, 
	author={Brakmo, L.S. and Peterson, L.L.}, 
	journal={Selected Areas in Communications, IEEE Journal on}, title={{TCP Vegas: end to end congestion avoidance on a global Internet}}, 
	year={1995}, 
	volume={13}, 
	number={8}, 
	pages={1465 -1480}, 
}

@InProceedings{sommers12,
	author = 	 {Joel Sommers and Paul Barford},
	title = 	 {{Cell vs. WiFi: On the Performance of Metro Area Mobile Connections}},
	booktitle = IMC,
	year = 	 {2012},
}

@InProceedings{xu11_imc,
	author = 	 {Qiang Xu and Jeffrey Erman and Alexandre Gerber and Z. Morley Mao and Jeffrey Pang and Shobha Venkataraman},
	title = 	 {{Identifying Diverse Usage Behaviors of Smartphone Apps}},
	booktitle = IMC,
	year = 	 {2011},
}

@InProceedings{gember11,
	author = {Aaron Gember and Ashok Anand and Aditya Akella},
	title =    {{A Comparative Study of Handheld and Non-Handheld Traffic in Campus Wi-Fi Networks}},
	year =     {2011},
	booktitle = {PAM},
}

@InProceedings{qian13_pam,
	author = 	 {Feng Qian and Junxian Huang and Jeffrey Erman and Z. Morley Mao and Subhabrata Sen and Oliver Spatscheck},
	title = 	 {{How to Reduce Smartphone Traffic Volume by 30\%?}},
	booktitle = {PAM},
	year = 	 {2013},
}

@InProceedings{deng12,
	author =	{Shuo Deng and Hari Balakrishnan},
	title =		{{Traffic-Aware Techniques to Reduce 3G/LTE Wireless Energy Consumption}},
	booktitle = CONEXT,
	year = {2012},
}

@InProceedings{canadi12,
	author = 	 {Igor Canadi and Paul Barford and Joel Sommers},
	title = 	 {{Revisiting Broadband Performance}},
	booktitle = IMC,
	year = 	 {2012},
}

@InProceedings{erman11,
	author = 	 {Jeffrey Erman and Alexandre Gerber and K.K. Ramakrishnan and Subhabrata Sen and Oliver Spatscheck},
	title = 	 {{Over The Top Video: The Gorilla in Cellular Networks}},
	booktitle = IMC,
	year = 	 {2011},
}

@InProceedings{prasad03,
	author = 	 {Ravi Prasad and Constantinos Dovrolis and Margaret Murray and kc claffy},
	title = 	 {{Bandwidth Estimation: Metrics, Measurement Techniques, and Tools}},
	booktitle = {IEEE Network},
	year = 	 {2003},
}

@InProceedings{jain02,
	author = 	 {Manish Jain and Constantinos Dovrolis},
	title = 	 {{End-to-End Available Bandwidth: Measurement Methodology, Dynamics, and Relation with TCP Throughput}},
	booktitle = {IEEE Network},
	year = 	 {2003},
}

@InProceedings{hu04,
	author = 	 {Ningning Hu and Li (Erran) Li and Zhuoqing Morley Mao and Peter Steenkiste and Jia Wang},
	title = 	 {{Locating Internet Bottlenecks: Algorithms, Measurements, and Implications}},
	booktitle = SIGCOMM,
	year = 	 {2004},
}


@article{gettys11,
  author    = {Jim Gettys},
  title     = {Bufferbloat: Dark Buffers in the Internet},
  journal   = {IEEE Internet Computing},
  volume    = {15},
  number    = {3},
  year      = {2011},
  pages     = {96},
}

@inproceedings{gerber10,
	author = {Alexandre Gerber and Jeffrey Pang and Oliver Spatscheck and Shobha Venkataraman},
	title = {{Speed Testing without Speed Tests: Estimating Achievable Download Speed from Passive Measurements}},
	booktitle =    IMC,
	year = {2010},
}
